@book{Uvod,
       author = {James J. Duderstadt, Louis J. Hamilton},
        title = "{Nuclear Reactor Analysis}",
      journal = {Department of Nuclear Engineering The Uniwrsity of Michigan Ann Arhr, Michigan},
         year = 1976
}

@book{Homogeni,
       author = {Alain H´ebert},
        title = "{The neutron diffusion equation}",
      journal = {Institut de g´enie nucl ´eaire Ecole Polytechnique de Montreal},
         year = 2012
}
@article{Monney,
       author = {Nomesh Kumar, V. Venkateswara Rao},
        title = "{Hyperelastic Mooney-Rivlin Model:
Determination and Physical Interpretation of
Material Constants}",
      journal = {MIT International Journal of Mechanical Engineering,},
         year = 2016,
        month = "jan",
       volume = {6},
       number = {1},
        pages = {43-46}
}
